<record><leader>00000cas a2200000 a 4500</leader><controlfield tag="001">14289378</controlfield><controlfield tag="008">861001c19729999ksudx ne      0   a0eng d</controlfield><datafield ind1=" " ind2=" " tag="010"><subfield code="a">sn 86064037 </subfield></datafield><datafield ind1=" " ind2=" " tag="040"><subfield code="a">KSH</subfield><subfield code="b">eng</subfield><subfield code="c">KSH</subfield><subfield code="d">NPT</subfield><subfield code="d">NSD</subfield><subfield code="d">OCLCQ</subfield></datafield><datafield ind1=" " ind2=" " tag="012"><subfield code="l">1</subfield><subfield code="m">1</subfield></datafield><datafield ind1="1" ind2=" " tag="022"><subfield code="a">0891-7078</subfield><subfield code="l">0891-7078</subfield><subfield code="2">1</subfield></datafield><datafield ind1="1" ind2=" " tag="029"><subfield code="a">AU@</subfield><subfield code="b">000045313363</subfield></datafield><datafield ind1="1" ind2=" " tag="029"><subfield code="a">NZ1</subfield><subfield code="b">16075620</subfield></datafield><datafield ind1=" " ind2=" " tag="032"><subfield code="a">227260</subfield><subfield code="b">USPS</subfield></datafield><datafield ind1=" " ind2=" " tag="037"><subfield code="b">Great Bend Tribune, 2012 Forest Ave., Great Bend, Kan. 67530</subfield></datafield><datafield ind1=" " ind2=" " tag="042"><subfield code="a">msc</subfield><subfield code="a">nsdp</subfield></datafield><datafield ind1="0" ind2=" " tag="130"><subfield code="a">Great Bend tribune (Great Bend, Kan. : 1972)</subfield></datafield><datafield ind1=" " ind2="0" tag="222"><subfield code="a">Great Bend tribune</subfield><subfield code="b">(1972)</subfield></datafield><datafield ind1="1" ind2="0" tag="245"><subfield code="a">Great Bend tribune.</subfield></datafield><datafield ind1=" " ind2=" " tag="260"><subfield code="a">Great Bend, Kan. :</subfield><subfield code="b">Morris Newspaper Corp. of Kansas,</subfield><subfield code="c">1972-</subfield></datafield><datafield ind1=" " ind2=" " tag="300"><subfield code="a">v. :</subfield><subfield code="b">ill. ;</subfield><subfield code="c">57 cm.</subfield></datafield><datafield ind1=" " ind2=" " tag="310"><subfield code="a">Six no. a week</subfield></datafield><datafield ind1="0" ind2=" " tag="362"><subfield code="a">Vol. 97, no. 11 (Aug. 24, 1972)-</subfield></datafield><datafield ind1=" " ind2=" " tag="588"><subfield code="a">Latest issue consulted: 111th year, no. 39 (Thursday, Sept. 25, 1986).</subfield></datafield><datafield ind1=" " ind2=" " tag="752"><subfield code="a">United States</subfield><subfield code="b">Kansas</subfield><subfield code="c">Barton</subfield><subfield code="d">Great Bend.</subfield></datafield><datafield ind1="0" ind2="0" tag="780"><subfield code="t">Great Bend daily tribune (Great Bend, Kan. : 1950)</subfield><subfield code="w">(DLC)sn 86064036</subfield></datafield></record>